@MISC {brief_history_of_the_internet,
    author      = "Barry M. Leiner m.fl",
    title       = "Brief history of the internet",
    url         = "https://www.internetsociety.org/internet/history-internet/brief-history-internet/",
    note        = "Accessed 9. Febuar 2018"
}

@MISC {The_Invention_of_the_Internet,
    author      = "History.com Staff",
    title       = "The Invention of the Internet",
    url         = "http://www.history.com/topics/inventions/invention-of-the-internet",
    note        = "Accessed 11. Febuar 2018"
}

@MISC {The_development_of_the_internet,
    author      = "Brandon Engel",
    title       = "The History of the Internet and the Colleges That Built It",
    url         = "https://edtechmagazine.com/higher/article/2013/11/history-internet-and-colleges-built-it",
    note        = "Accessed 11. Febuar 2018"
}

@MISC {FreedomHouseRapport2017,
    author      = "Freedom House",
    title       = "Freedom on the Net 2017: Manipulating Social Media to Undermine Democracy",
    url         = "https://freedomhouse.org/report/freedom-net/freedom-net-2017",
    note        = "Accessed 9. Febuar 2018"
}

@MISC {FreedomHouseRapport2016,
    author      = "Freedom House",
    title       = "Silencing the Messenger: Communication Apps Under Pressure",
    url         = "https://freedomhouse.org/report/freedom-net/freedom-net-2016",
    note        = "Accessed 12. Febuar 2018"
}
@MISC {FreedomHouseRapportMethodology,
    author      = "Freedom House",
    title       = "Freedom on the Net Methodology",
    url         = "https://freedomhouse.org/report/freedom-net-methodology",
    note        = "Accessed 14. Febuar 2018"
}
@MISC {FreedomHouseAbout,
    author      = "Freedom House",
    title       = "About Freedom House",
    url         = "https://freedomhouse.org/about-us",
    note        = "Accessed 9. Febuar 2018"
}

@MISC {PastCryptography,
    author      = "Nicholas G. McDonald",
    title       = "Past, Preseent, and Furture of methodes of cryptography and data encryption",
    url         = "http://www.eng.utah.edu/~nmcdonal/Tutorials/EncryptionResearchReview.pdf",
    note        = "Accessed 11. Febuar 2018"
}

@MISC {MeningOfCryptography,
    author      = "Dansk sprognævn",
    title       = "Den danske ordbog",
    url         = "http://ordnet.dk/ddo/ordbog?query=kryptografi",
    note        = "Accessed 12. Febuar 2018",
}

@MISC {TheSecretLanguage,
    author      = "Ron Hipschman",
    title       = "The Secret Language",
    url         = "https://www.exploratorium.edu/ronh/secret/secret.html",
    note        = "Accessed 11. Febuar 2018"
}

@MISC {Telegraphing,
    author      = "History.com Staff",
    title       = "Morse Code \& the Telegraph",
    url         = "http://www.history.com/topics/inventions/telegraph",
    note        = "Accessed 15. Febuar 2018"
}

@MISC {DaPinchiCode,
    author      = "David Mikkelson",
    title       = "Morse Code \& the Telegraph",
    url         = "https://www.snopes.com/crime/warnings/housebreakerscode.asp",
    note        = "Accessed 15. Febuar 2018"
}

@MISC {TheHoboCode,
    author      = "Delana",
    title       = "Mordern Nomad Codes",
    url         = "https://weburbanist.com/2010/06/03/hoboglyphs-secret-transient-symbols-modern-nomad-codes/",
    note        = "Accessed 15. Febuar 2018"
}

@MISC {VPNInfo,
    author      = "Søren Wahlgren",
    title       = "VPN – Virtual Private Network",
    url         = "https://vpninfo.dk/",
    note        = "Accessed 16. Febuar 2018"
}

@MISC {FBI/Apple_encryption,
    author      = "Aaron Mak",
    title       = "Should We Worry Apple Offered to Assist the FBI with the Texas Gunman's Case?",
    url         = "http://www.slate.com/technology/2018/02/how-the-internet-companies-that-sold-ads-to-russian-trolls-can-fix-the-problem.html",
    note        = "Accessed 21. Febuar 2018"
}

@MISC {ForsvaretsSikkerhed,
    author      = "Forsvarets Efterretningstjeneste",
    title       = "It-Sikkerheds Job",
    url         = "https://www.it-jobbank.dk/jobannonce/277480/vil-du-arbejde-med-it-sikkerhed-i-forsvarets-efterretningstjeneste",
    note        = "Accessed 22. Febuar 2018"
}